<?xml version="1.0" encoding="UTF-8"?><collection xmlns="http://www.loc.gov/MARC21/slim"><record><leader>00588nam--2200169-u-4500</leader><controlfield tag="001">000055495</controlfield><controlfield tag="002">20161230</controlfield><controlfield tag="005">20161230201052</controlfield><controlfield tag="008">130214s1000------------r-----000-0-eng-d</controlfield><datafield ind1=" " ind2=" " tag="040"><subfield code="a">IFIN-HH</subfield></datafield><datafield ind1=" " ind2=" " tag="080"><subfield code="a">528.9(038):528(031):801.323.2=40=82</subfield></datafield><datafield ind1="1" ind2=" " tag="100"><subfield code="a">Gospodinov, G.V</subfield></datafield><datafield ind1="1" ind2="0" tag="245"><subfield code="a">English-russian dictionary on cartography, geodesy and aerial photography</subfield><subfield code="b">Anglo-russkii slovari po kartografii, geodezii i aerofototopografii</subfield><subfield code="c">G.v. gospodinov (ed.)</subfield></datafield><datafield ind1=" " ind2=" " tag="260"><subfield code="a">Moskva</subfield><subfield code="b">Fiziko-matematiceskoi Literaturi</subfield><subfield code="c">1958</subfield></datafield><datafield ind1=" " ind2=" " tag="300"><subfield code="a">546P</subfield></datafield><datafield ind1=" " ind2=" " tag="852"><subfield code="a">D.539</subfield><subfield code="c">SLF</subfield></datafield><datafield ind1=" " ind2=" " tag="CAT"><subfield code="a">Sys</subfield><subfield code="c">20130214</subfield><subfield code="h">161102</subfield></datafield></record></collection>